@book{GrayMeyer,
  title={Analysis and Design of Analog Integrated Circuits},
  author={Gray, Paul R. and Hurst, Paul J. and Lewis, Stephen H. and Meyer, Robert G.},
  isbn={9781118078891},
  publisher={Wiley},
  year={2017}
}

@book{hu,
  title={Modern Semiconductor Devices for Integrated Circuits},
  author={Hu, Chenming Calvin},
  isbn={0-13-608525-3},
  publisher={Pearson},
  year={2010}
}

@book{pierret,
  title={Semiconductor Device Fundamentals},
  author={Pierret, Robert F.},
  isbn={0-201-54393-1},
  publisher={Addison-Wesley},
  year={1996}
}

@book{ss,
  title={Microelectronic Circuits},
  author={Sedra, Adel S.},
  isbn={9780190853464},
  publisher={Oxford University Press},
  year={2020}
}
